<record xmlns:xsi="http://www.w3.org/2001/XMLSchema-instance" xmlns="http://www.loc.gov/MARC21/slim" xsi:schemaLocation="http://www.loc.gov/MARC21/slim http://www.loc.gov/standards/marcxml/schema/MARC21slim.xsd">

  <leader>00534nam a2200169Ia 4500</leader>
  <controlfield tag="008">161010b2001    mx ||||| |||| 00| | spa d</controlfield>
  <datafield ind2=" " tag="020" ind1=" ">
    <subfield code="a">9687742011</subfield>
  </datafield>
  <datafield ind1=" " tag="090" ind2=" ">
    <subfield code="a">06.06.02  </subfield>
    <subfield code="b">410</subfield>
  </datafield>
  <datafield ind2=" " tag="100" ind1=" ">
    <subfield code="9">2056</subfield>
    <subfield code="a">Tlaseca Ponce, Marta Elba </subfield>
  </datafield>
  <datafield ind2="3" ind1="1" tag="245">
    <subfield code="a">El saber de los maestros en la formación docente / </subfield>
    <subfield code="c">Marta Elba Tlaseca Ponce, coordinador/a</subfield>
  </datafield>
  <datafield ind2=" " ind1=" " tag="260">
    <subfield code="a">México : </subfield>
    <subfield code="b">UPN, </subfield>
    <subfield code="c">2001</subfield>
  </datafield>
  <datafield ind1=" " tag="300" ind2=" ">
    <subfield code="a">327 páginas</subfield>
  </datafield>
  <datafield ind1="1" tag="650" ind2="4">
    <subfield code="a">FORMACIÓN DE DOCENTES</subfield>
    <subfield code="9">9</subfield>
  </datafield>
  <datafield ind2="4" ind1="1" tag="650">
    <subfield code="a">FORMACIÓN PROFESIONAL</subfield>
    <subfield code="9">498</subfield>
  </datafield>
  <datafield ind2="4" tag="650" ind1="1">
    <subfield code="a">CAPACITACIÓN</subfield>
    <subfield code="9">729</subfield>
  </datafield>
  <datafield ind2=" " ind1=" " tag="942">
    <subfield code="2">z</subfield>
    <subfield code="c">01</subfield>
  </datafield>
  <datafield ind1=" " tag="999" ind2=" ">
    <subfield code="c">413</subfield>
    <subfield code="d">413</subfield>
  </datafield>
</record>